  
@article{lofarcobalt,
title = "Cobalt: A GPU-based correlator and beamformer for LOFAR",
journal = "Astronomy and Computing",
volume = "23",
pages = "180 - 192",
year = "2018",
issn = "2213-1337",
doi = "https://doi.org/10.1016/j.ascom.2018.04.006",
url = "http://www.sciencedirect.com/science/article/pii/S2213133717301439",
author = "P. Chris Broekema and J. Jan David Mol and R. Nijboer and A.S. van Amesfoort and M.A. Brentjens and G. Marcel Loose and W.F.A. Klijn and J.W. Romein"
}
@article{tassesmirnov,
  title={Radio interferometric gain calibration as a complex optimization problem},
  author={Smirnov, OM and Tasse, Cyril},
  journal={Monthly Notices of the Royal Astronomical Society},
  volume={449},
  number={3},
  pages={2668--2684},
  year={2015},
  publisher={Oxford University Press}
}



@article{meerkat,
  title={Meer{K}{A}{T}-{T}he {S}outh {A}frican array with composite dishes and wide-band single pixel feeds},
  author={Jonas, Justin L},
  journal={Proceedings of the IEEE},
  volume={97},
  number={8},
  pages={1522--1530},
  year={2009},
  publisher={IEEE}
}

@article{mwa2,
  title={The {M}urchison {w}idefield {a}rray: {T}he {s}quare {k}ilometre {a}rray {p}recursor at low radio frequencies},
  author={Tingay, S JêŽ¬ and Goeke, Robert and Bowman, Judd D and Emrich, David and Ord, SM and Mitchell, Daniel A and Morales, Miguel F and Booler, Tom and Crosse, Brian and Wayth, RB and others},
  journal={Publications of the Astronomical Society of Australia},
  volume={30},
  year={2013},
  publisher={Cambridge University Press}
}

@article{gmrt_upgrade,
  title={The upgraded {G}{M}{R}{T}: opening new windows on the radio {U}niverse},
  author={Gupta, Y and Ajithkumar, B and Kale, HS and Nayak, S and Sabhapathy, S and Sureshkumar, S and Swami, RV and Chengalur, JN and Ghosh, SK and Ishwara-Chandra, CH and others},
  journal={Current Science},
  volume={113},
  number={4},
  pages={707},
  year={2017},
  publisher={INDIAN ACAD SCIENCES CV RAMAN AVENUE, SADASHIVANAGAR, PB\# 8005, BANGALORE 560 080, INDIA}
}

@article{meerkat_size,
  title={Potential technological spin-offs from {M}eer{K}{A}{T} and the {S}outh {A}frican {S}quare {K}ilometre {A}rray bid},
  author={Davidson, David B},
  journal={South African Journal of Science},
  volume={108},
  number={1-2},
  pages={01--03},
  year={2012},
  publisher={Academy of Science of South Africa}
}


@article{MWA,
  title={The murchison widefield array: {D}esign overview},
  author={Lonsdale, Colin J and Cappallo, Roger J and Morales, Miguel F and Briggs, Frank H and Benkevitch, Leonid and Bowman, Judd D and Bunton, John D and Burns, Steven and Corey, Brian E and Doeleman, Sheperd S and others},
  journal={Proceedings of the IEEE},
  volume={97},
  number={8},
  pages={1497--1506},
  year={2009},
  publisher={IEEE}
}

@article{mwa_data_size,
  title={Optimising {N}{G}{A}{S} for the {M}{W}{A} {A}rchive},
  author={Wu, Chen and Wicenec, Andreas and Pallot, Dave and Checcucci, Alessio},
  journal={Experimental Astronomy},
  volume={36},
  number={3},
  pages={679--694},
  year={2013},
  publisher={Springer}
}

@article{meerkat_ska_size,
  title={The {S}quare {K}ilometre {A}rray science data processor. {P}reliminary compute platform design},
  author={Broekema, P Chris and van Nieuwpoort, Rob V and Bal, Henri E},
  journal={Journal of Instrumentation},
  volume={10},
  number={07},
  pages={C07004},
  year={2015},
  publisher={IOP Publishing}
}



@article{LOFAR,
  title={{L}{O}{F}{A}{R}: The low-frequency array},
  author={Van Haarlem, MP and Wise, MW and Gunst, AW and Heald, George and McKean, JP and Hessels, JWT and De Bruyn, AG and Nijboer, Ronald and Swinbank, John and Fallows, Richard and others},
  journal={Astronomy \& astrophysics},
  volume={556},
  pages={A2},
  year={2013},
  publisher={EDP Sciences}
}


@article{lofar_prefactor,
  title={L{O}{F}{A}{R} facet calibration},
  author={Van Weeren, RJ and Williams, WL and Hardcastle, MJ and Shimwell, TW and Rafferty, DA and Sabater, J and Heald, G and Sridhar, SS and Dijkema, TJ and Brunetti, G and others},
  journal={The Astrophysical Journal Supplement Series},
  volume={223},
  number={1},
  pages={2},
  year={2016},
  publisher={IOP Publishing}
}
 
@article{Wendy_bootes,
  title={L{O}{F}{A}{R} 150-{M}{H}z observations of the {B}o{\"o}tes field: catalogue and source counts},
  author={Williams, WL and Van Weeren, RJ and R{\"o}ttgering, HJA and Best, P and Dijkema, TJ and de Gasperin, F and Hardcastle, MJ and Heald, George and Prandoni, I and Sabater, Jose and others},
  journal={Monthly Notices of the Royal Astronomical Society},
  volume={460},
  number={3},
  pages={2385--2412},
  year={2016},
  publisher={Oxford University Press}
}


@article{lotss,
  title={The {L}{O}{F}{A}{R} {T}wo-metre {S}ky {S}urvey-{I}. {S}urvey description and preliminary data release},
  author={Shimwell, TW and R{\"o}ttgering, HJA and Best, Philip N and Williams, WL and Dijkema, TJ and De Gasperin, F and Hardcastle, MJ and Heald, GH and Hoang, DN and Horneffer, A and others},
  journal={Astronomy \& Astrophysics},
  volume={598},
  pages={A104},
  year={2017},
  publisher={EDP Sciences}
}


@misc{SurfSara,
 title={Grid at {S}{U}{R}{F}sara},
 author={SURF},
 howpublished={\url{https://www.surf.nl/en/services-and-products/grid/index.html
}},  
 year={2018}
}


@INPROCEEDINGS{mechev,
   author = {{Mechev}, A. and {Oonk}, J.~B.~R. and {Danezi}, A. and {Shimwell}, T.~W. and
{Schrijvers}, C. and {Intema}, H. and {Plaat}, A. and {Rottgering}, H.~J.~A.
},
    title = "{An {A}utomated {S}calable {F}ramework for {D}istributing {R}adio {A}stronomy {P}rocessing {A}cross {C}lusters and {C}louds}",
booktitle = {Proceedings of the International Symposium on Grids and Clouds (ISGC) 2017, held 5-10 March, 2017 at Academia Sinica, Taipei, Taiwan (ISGC2017). Online at \url{https://pos.sissa.it/cgi-bin/reader/conf.cgi?confid=293}, id.2},
     year = 2017,
archivePrefix = "arXiv",
   eprint = {1712.00312},
 primaryClass = "astro-ph.IM",
    month = mar,
      eid = {2},
    pages = {2},
   adsurl = {\url{http://adsabs.harvard.edu/abs/2017isgc.confE...2M}},
  adsnote = {Provided by the SAO/NASA Astrophysics Data System}
}


@article{solar_pipeline,
  title={The {H}elioseismic and {M}agnetic {I}mager ({H}{M}{I}) vector magnetic field pipeline: optimization of the spectral line inversion code},
  author={Centeno, R and Schou, Jesper and Hayashi, Keiji and Norton, A and Hoeksema, JT and Liu, Y and Leka, KD and Barnes, G},
  journal={Solar Physics},
  volume={289},
  number={9},
  pages={3531--3547},
  year={2014},
  publisher={Springer}
}

@article{haswell,
  title={The haswell microarchitecture-4th generation processor},
  author={Jain, Tarush and Agrawal, Tanmay},
  journal={International Journal of Computer Science and Information Technologies},
  volume={4},
  number={3},
  pages={477--480},
  year={2013},
  publisher={Citeseer}
}


@book{dtrace,
  title={DTrace: Dynamic Tracing in Oracle Solaris, Mac OS X and FreeBSD},
  author={Gregg, Brendan and Mauro, Jim},
  year={2011},
  publisher={Prentice Hall Professional}
}



@article{optimize_pipeline,
  title={Optimizing the f{M}{R}{I} data-processing pipeline using prediction and reproducibility performance metrics: {I}. {A} preliminary group analysis},
  author={Strother, Stephen and La Conte, Stephen and Hansen, Lars Kai and Anderson, Jon and Zhang, Jin and Pulapura, Sujit and Rottenberg, David},
  journal={Neuroimage},
  volume={23},
  pages={S196--S207},
  year={2004},
  publisher={Elsevier}
}

@INPROCEEDINGS{herschel,
       author = {{Ott}, S.},
        title = "{The Herschel Data Processing System {\textemdash} HIPE and Pipelines
        {\textemdash} Up and Running Since the Start of the Mission}",
     keywords = {Astrophysics - Instrumentation and Methods for Astrophysics},
    booktitle = {Astronomical Data Analysis Software and Systems XIX},
         year = 2010,
       volume = {434},
        month = Dec,
        pages = {139},
       adsurl = {https://ui.adsabs.harvard.edu/#abs/2010ASPC..434..139O},
      adsnote = {Provided by the SAO/NASA Astrophysics Data System}
}



@inproceedings{kickstart,
  title={Kickstarting remote applications},
  author={V{\"o}ckler, Jens-S and Mehta, Gaurang and Zhao, Yong and Deelman, Ewa and  Wilde, Mike},
  booktitle={2nd International Workshop on Grid Computing Environments},
  pages={1--8},
  year={2006}
}

@article{ganglia,
  title={The ganglia distributed monitoring system: design, implementation, and experience},
  author={Massie, Matthew L and Chun, Brent N and Culler, David E},
  journal={Parallel Computing},
  volume={30},
  number={7},
  pages={817--840},
  year={2004},
  publisher={Elsevier}
}


@misc{procfs,
 title={{THE}  /proc   {FILESYSTEM} v1.3},
 author={Terrehon Bowden},
 howpublished=        {\url{https://www.kernel.org/doc/Documentation/filesystems/proc.txt}},
   year={2009}
}

@inproceedings{papi,
  title={{PAPI}: A portable interface to hardware performance counters},
  author={Mucci, Philip J and Browne, Shirley and Deane, Christine and Ho, George},
  booktitle={Proceedings of the department of defense HPCMP users group conference},
  volume={710},
  year={1999}
}

@inproceedings{valgrind,
  title={Valgrind: a framework for heavyweight dynamic binary instrumentation},
  author={Nethercote, Nicholas and Seward, Julian},
  booktitle={ACM Sigplan notices},
  volume={42},
  number={6},
  pages={89--100},
  year={2007},
  organization={ACM}
}

@inproceedings{prefmon,
  title={Perfmon2: a flexible performance monitoring interface for {Linux}},
  author={Eranian, Stephane},
  booktitle={Proc. of the 2006 Ottawa Linux Symposium},
  pages={269--288},
  year={2006}
}

@inproceedings{votus_tsdb,
  title={Votus: A flexible and scalable monitoring framework for virtualized clusters},
  author={Rehman, MFSM Suhail and Hammoud, Mohammad and Sakr, Majd F},
  booktitle={In Proceedings of The 3rd International Conference on Cloud Computing and Science (CloudCom 2011), Athens, Greece},
  pages={1--4},
  year={2011}
}

@article{panorama,
  title={{PANORAMA}: an approach to performance modeling and diagnosis of extreme-scale workflows},
  author={Deelman, Ewa and Carothers, Christopher and Mandal, Anirban and Tierney, Brian and Vetter, Jeffrey S and Baldin, Ilya and Castillo, Claris and Juve, Gideon and Kr{\'o}l, Dariusz and Lynch, Vickie and others},
  journal={The International Journal of High Performance Computing Applications},
  volume={31},
  number={1},
  pages={4--18},
  year={2017},
  publisher={SAGE Publications Sage UK: London, England}
}

@misc{cookbook ,
  title = {{LOFAR} {I}maging {C}ookbook},
  author={Dijkema, Tammo Jan. }, 
  howpublished = {Available at \url{http://www.astron.nl/sites/astron.nl/files/cms/lofar_imaging_cookbook_v19.pdf
}},
  year={2017}
}

@inproceedings{bbs_selfcal,
  title={{LOFAR} self-calibration using a blackboard software architecture},
  author={Loose, GM},
  booktitle={Astronomical Data Analysis Software and Systems XVII},
  volume={394},
  pages={91},
  year={2008}
}

@article{lofar_NDPPP,
  title={The {LOFAR} radio environment},
  author={Offringa, AR and De Bruyn, AG and Zaroubi, Saleem and van Diepen, Ger and Martinez-Ruby, O and Labropoulos, Panos and Brentjens, Michiel A and Ciardi, Benedetta and Daiboo, S and Harker, Geraint and others},
  journal={Astronomy \& astrophysics},
  volume={549},
  pages={A11},
  year={2013},
  publisher={EDP Sciences}
}

  
@inproceedings{cvmfs2008,
  title={{CVMFS} a file system for the {CernVM} virtual appliance},
  author={Aguado Sanchez, C and Bloomer, J and Buncic, P and Franco, L and Klemer, S and Mato, P},
  booktitle={Proceedings of XII Advanced Computing and Analysis Techniques in Physics Research},
  volume={1},
  pages={52},
  year={2008}
}

@misc{mem_hiearch ,
title = {Memory Hierarchy, {CMPUT429/CMPE382} {Winter} 2001. {University of Calgary}},
author={Katz, Randy H.  and Patterson , David A.  },
howpublished = {Available at \url{https://webdocs.cs.ualberta.ca/~amaral/courses/429/webslides/Topic4-MemoryHierarchy/sld003.htm
}},
  year={2001}
}

@article{workingset,
  title={The working set model for program behavior},
  author={Denning, Peter J},
  journal={Communications of the ACM},
  volume={11},
  number={5},
  pages={323--333},
  year={1968},
  publisher={ACM}
}

@article{goto2008anatomy,
  title={Anatomy of high-performance matrix multiplication},
  author={Goto, Kazushige and Geijn, Robert A},
  journal={ACM Transactions on Mathematical Software (TOMS)},
  volume={34},
  number={3},
  pages={12},
  year={2008},
  publisher={ACM}
}

@inproceedings{stefcal,
  title={St{E}{F}{C}alâ€”{A}n {A}lternating {D}irection {I}mplicit method for fast full polarization array calibration},
  author={Salvini, Stefano and Wijnholds, Stefan J},
  booktitle={General Assembly and Scientific Symposium (URSI GASS), 2014 XXXIth URSI},
  pages={1--4},
  year={2014},
  organization={IEEE}
}

@article{skadron1999branch,
  title={Branch prediction, instruction-window size, and cache size: {P}erformance trade-offs and simulation techniques},
  author={Skadron, Kevin and Ahuja, Pritpal S and Martonosi, Margaret and Clark, Douglas W},
  journal={IEEE Transactions on Computers},
  volume={48},
  number={11},
  pages={1260--1281},
  year={1999},
  publisher={IEEE}
}

@misc{dd,
 title={dd(1) - {L}inux man page},
 author={Rubin, Paul and MacKenzie, David  and Kemp, Stuart },
 howpublished={\url{https://linux.die.net/man/1/dd}},
 year={2010}
}

@article{cache_opt,
  title={Compiler techniques for reducing data cache miss rate on a multithreaded architecture},
  author={Sarkar, Subhradyuti and Tullsen, Dean},
  journal={High Performance Embedded Architectures and Compilers},
  pages={353--368},
  year={2008},
  publisher={Springer}
}

@inproceedings{cache_misses,
  title={A large, fast instruction window for tolerating cache misses},
  author={Lebeck, Alvin R and Koppanalil, Jinson and Li, Tong and Patwardhan, Jaidev and Rotenberg, Eric},
  booktitle={Computer Architecture, 2002. Proceedings. 29th Annual International Symposium on},
  pages={59--70},
  year={2002},
  organization={IEEE}
}


@article{cache_architecture,
  title={Computer organization and design: the hardware/software interface},
  author={David, A Patterson and John, L Hennessy},
  journal={San mateo, CA: M organ Kaufmann Publishers},
  volume={1},
  pages={998},
  year={2005}
}

===================


@misc{opentsdbsite,
  title={Open{T}{S}{D}{B} scalable time series database ({T}{S}{D}{B})},
  author={Sigoure, B},
  year={2012},
  publisher={Stumble Upon, \url{http://opentsdb. net}}
}



@article{deconinck2017runtime,
  title={Runtime collection and analysis of system metrics for production monitoring of {T}rinity {P}hase {I}{I}},
  author={DeConinck, A and Nam, H and Morton, D and Bonnie, A and Lueninghoener, C and Brandt, J and Gentile, A and Pedretti, K and Agelastos, A and Vaughan, C and others},
  journal={Proc. Cray Userâ€™s Group},
  year={2017}
}

@inproceedings{pipeline_x86,
  title={An approach for implementing efficient superscalar {CISC} processors},
  author={Hu, Shiliang and Kim, Ilhyun and Lipasti, Mikko H and Smith, James E},
  booktitle={High-Performance Computer Architecture, 2006. The Twelfth International Symposium on},
  pages={41--52},
  year={2006},
  organization={IEEE}
}


@inproceedings{monitoring_anomaly,
  title={Toward an end-to-end framework for modeling, monitoring and anomaly detection for scientific workflows},
  author={Mandal, Anirban and Ruth, Paul and Baldin, Ilya and Kr{\'o}l, Dariusz and Juve, Gideon and Mayani, Rajiv and Da Silva, Rafael Ferreira and Deelman, Ewa and Meredith, Jeremy and Vetter, Jeffrey and others},
  booktitle={Parallel and Distributed Processing Symposium Workshops, 2016 IEEE International},
  pages={1370--1379},
  year={2016},
  organization={IEEE}
}



@misc{tcollector ,
	title = {TCollector: {OpenTSDB} documentation},
	howpublished = {Available at \url{http://opentsdb.net/docs/build/html/user_guide/utilities/tcollector.html
}},
	author={Apache, Software Foundation},
	year={2017}
}




@article{hbase,
  title={Apache hbase reference guide},
  author={Apache HBase, Team},
  journal={Apache, version},
  volume={2},
  number={0},
  year={2015}
}



@article{cernsrm ,
title = {{Storage Resource Managers: Recent International Experience on Requirements
and Multiple Co-Operating Implementations }},
author ={Lana Abadie, Paolo Badino et al.},
note = {\emph{Available at} \url{https://sdm.lbl.gov/~arie/papers/MSS.SRM.paper.pdf
}}
}

@inproceedings{cache_eviction,
  title={Exploring code cache eviction granularities in dynamic optimization systems},
  author={Hazelwood, Kim and Smith, James E},
  booktitle={Code Generation and Optimization, 2004. CGO 2004. International Symposium on},
  pages={89--99},
  year={2004},
  organization={IEEE}
}

@article{opentsdb_iot,
  title={ETL and Analysis of IoT data using {OpenTSDB}, Kafka, and Spark},
  author={Kaveh, Maziar},
  year={2015},
  publisher={University of Stavanger, Norway}
}

@inproceedings{tsdb_diagnose,
  title={Diagnosing cloud performance anomalies using large time series dataset analysis},
  author={Jehangiri, Ali Imran and Yahyapour, Ramin and Wieder, Philipp and Yaqub, Edwin and Lu, Kuan},
  booktitle={2014 IEEE 7th International Conference on Cloud Computing},
  pages={930--933},
  year={2014},
  organization={IEEE}
}


@article{maaike_clocktec,
  title={Probing ionospheric structures using the LOFAR radio telescope},
  author={Mevius, M and Tol, S and Pandey, VN and Vedantham, HK and Brentjens, MA and Bruyn, AG and Abdalla, FB and Asad, KMB and Bregman, JD and Brouw, WN and others},
  journal={Radio Science},
  volume={51},
  number={7},
  pages={927--941},
  year={2016},
  publisher={Wiley Online Library}
}



@inproceedings{cvmfs,
  title={Distributing {LHC} application software and conditions databases using the CernVM file system},
  author={Blomer, Jakob and Aguado-S{\'a}nchez, Carlos and Buncic, Predrag and Harutyunyan, Artem},
  booktitle={Journal of Physics: Conference Series},
  volume={331},
  number={4},
  pages={042003},
  year={2011},
  organization={IOP Publishing}
}



@inproceedings{tsdb_devops,
  title={Total recall: holistic metrics for broad systems performance and user experience visibility in a data-intensive computing environment},
  author={Birngruber, Erich and Forai, Petar and Zauner, Aaron},
  booktitle={Proceedings of the Second International Workshop on HPC User Support Tools},
  pages={5},
  year={2015},
  organization={ACM}
}


@article{hyperthread,
  title={Hyper-threading technology in the netburst{\textregistered} microarchitecture},
  author={Marr, Debbie and Binns, Frank and Hill, D and Hinton, Glenn and Koufaty, D and others},
  journal={14th Hot Chips},
  year={2002}
}

@article{ska,
  title={The square kilometre array},
  author={Dewdney, Peter E and Hall, Peter J and Schilizzi, Richard T and Lazio, T Joseph LW},
  journal={Proceedings of the IEEE},
  volume={97},
  number={8},
  pages={1482--1496},
  year={2009},
  publisher={IEEE}
}



@article{aperture_synthesis,
  title={Aperture synthesis with a non-regular distribution of interferometer baselines},
  author={H{\"o}gbom, JA},
  journal={Astronomy and Astrophysics Supplement Series},
  volume={15},
  pages={417},
  year={1974}
}

@inproceedings{tsdb_monitoring,
  title={Understanding Application and System Performance Through System-Wide Monitoring},
  author={Evans, R Todd and Browne, James C and Barth, William L},
  booktitle={Parallel and Distributed Processing Symposium Workshops, 2016 IEEE International},
  pages={1702--1710},
  year={2016},
  organization={IEEE}
}


@ARTICLE{oonk_2014,
   author = {{Oonk}, J.~B.~R. and {van Weeren}, R.~J. and {Salgado}, F. and 
	{Morabito}, L.~K. and {Tielens}, A.~G.~G.~M. and {Rottgering}, H.~J.~A. and 
	{Asgekar}, A. and {White}, G.~J. and {Alexov}, A. and {Anderson}, J. and 
	{Avruch}, I.~M. and {Batejat}, F. and {Beck}, R. and {Bell}, M.~E. and 
	{van Bemmel}, I. and {Bentum}, M.~J. and {Bernardi}, G. and 
	{Best}, P. and {Bonafede}, A. and {Breitling}, F. and {Brentjens}, M. and 
	{Broderick}, J. and {Br{\"u}ggen}, M. and {Butcher}, H.~R. and 
	{Ciardi}, B. and {Conway}, J.~E. and {Corstanje}, A. and {de Gasperin}, F. and 
	{de Geus}, E. and {de Vos}, M. and {Duscha}, S. and {Eisl{\"o}ffel}, J. and 
	{Engels}, D. and {van Enst}, J. and {Falcke}, H. and {Fallows}, R.~A. and 
	{Fender}, R. and {Ferrari}, C. and {Frieswijk}, W. and {Garrett}, M.~A. and 
	{Grie{\ss}meier}, J. and {Hamaker}, J.~P. and {Hassall}, T.~E. and 
	{Heald}, G. and {Hessels}, J.~W.~T. and {Hoeft}, M. and {Horneffer}, A. and 
	{van der Horst}, A. and {Iacobelli}, M. and {Jackson}, N.~J. and 
	{Juette}, E. and {Karastergiou}, A. and {Klijn}, W. and {Kohler}, J. and 
	{Kondratiev}, V.~I. and {Kramer}, M. and {Kuniyoshi}, M. and 
	{Kuper}, G. and {van Leeuwen}, J. and {Maat}, P. and {Macario}, G. and 
	{Mann}, G. and {Markoff}, S. and {McKean}, J.~P. and {Mevius}, M. and 
	{Miller-Jones}, J.~C.~A. and {Mol}, J.~D. and {Mulcahy}, D.~D. and 
	{Munk}, H. and {Norden}, M.~J. and {Orru}, E. and {Paas}, H. and 
	{Pandey-Pommier}, M. and {Pandey}, V.~N. and {Pizzo}, R. and 
	{Polatidis}, A.~G. and {Reich}, W. and {Scaife}, A.~M.~M. and 
	{Schoenmakers}, A. and {Schwarz}, D. and {Shulevski}, A. and 
	{Sluman}, J. and {Smirnov}, O. and {Sobey}, C. and {Stappers}, B.~W. and 
	{Steinmetz}, M. and {Swinbank}, J. and {Tagger}, M. and {Tang}, Y. and 
	{Tasse}, C. and {Veen}, S.~t. and {Thoudam}, S. and {Toribio}, C. and 
	{van Nieuwpoort}, R. and {Vermeulen}, R. and {Vocks}, C. and 
	{Vogt}, C. and {Wijers}, R.~A.~M.~J. and {Wise}, M.~W. and {Wucknitz}, O. and 
	{Yatawatta}, S. and {Zarka}, P. and {Zensus}, A.},
    title = "{Discovery of carbon radio recombination lines in absorption towards {Cygnus} {A}}",
  journal = {MNRAS},
archivePrefix = "arXiv",
   eprint = {1401.2876},
 keywords = {ISM: general, ISM: structure, local interstellar matter, radio lines: ISM},
     year = 2014,
    month = feb,
   volume = 437,
    pages = {3506-3515},
      doi = {10.1093/mnras/stt2158},
   adsurl = {http://adsabs.harvard.edu/abs/2014MNRAS.437.3506O},
  adsnote = {Provided by the SAO/NASA Astrophysics Data System}
}


@inproceedings{opentsdb_industrial,
  title={Scalability and robustness of time-series databases for cloud-native monitoring of industrial processes},
  author={Goldschmidt, Thomas and Jansen, Anton and Koziolek, Heiko and Doppelhamer, Jens and Breivold, Hongyu Pei},
  booktitle={2014 IEEE 7th International Conference on Cloud Computing},
  pages={602--609},
  year={2014},
  organization={IEEE}
}


@techreport{papiex,
  title={Measuring FLOPS using hardware performance counter technologies on LC systems},
  author={Ahn, Dong H},
  year={2008},
  institution={Lawrence Livermore National Laboratory (LLNL), Livermore, CA}
}


@inproceedings{tsdb_network,
  title={In-network, push-based network resource monitoring: scalable, responsive network management},
  author={Groves, Taylor and Arnold, Dorian and He, Yihua},
  booktitle={Proceedings of the Third International Workshop on Network-Aware Data Management},
  pages={8},
  year={2013},
  organization={ACM}
}


@misc{softdrive ,
title = {Softdrive on the {GRID}},
howpublished = {Available at \url{http://docs.surfsaralabs.nl/projects/grid/en/latest/Pages/Advanced/grid_software.html#softdrive
}}
}
