@inproceedings{johnston2017taming,
  title={Taming the Data Deluge to Unravel the Mysteries of the Universe},
  author={Johnston-Hollitt, Melanie},
  booktitle={Proceedings of the 26th International Conference on World Wide Web},
  pages={1--1},
  year={2017},
  organization={International World Wide Web Conferences Steering Committee}
}
