@inproceedings{lofar_data,
  title={The LOFAR long-term archive: e-infrastructure on petabyte scale},
  author={Holties, Hanno and Renting, Adriaan and Grange, Yan},
  booktitle={SPIE Astronomical Telescopes+ Instrumentation},
  pages={845117--845117},
  year={2012},
  organization={International Society for Optics and Photonics}
}

@inproceedings{scalable,
  title={A Scalable Pipeline For Transcriptome Profiling Tasks With On-demand Computing Clouds},
  author={Shams, Shayan and Kim, Nayong and Meng, Xiandong and Ha, Ming Tai and Jha, Shantenu and Wang, Zhong and Kim, Joohyun},
  booktitle={Parallel and Distributed Processing Symposium Workshops, 2016 IEEE International},
  pages={443--452},
  year={2016},
  organization={IEEE}
}

@article{bioinfo,
  title={Developing ethread pipeline using saga-pilot abstraction for large-scale structural bioinformatics},
  author={Ragothaman, Anjani and Boddu, Sairam Chowdary and Kim, Nayong and Feinstein, Wei and Brylinski, Michal and Jha, Shantenu and Kim, Joohyun},
  journal={BioMed research international},
  volume={2014},
  year={2014},
  publisher={Hindawi Publishing Corporation}
}
@article{pegasus,
  title={Pegasus: A framework for mapping complex scientific workflows onto distributed systems},
  author={Deelman, Ewa and Singh, Gurmeet and Su, Mei-Hui and Blythe, James and Gil, Yolanda and Kesselman, Carl and Mehta, Gaurang and Vahi, Karan and Berriman, G Bruce and Good, John and others},
  journal={Scientific Programming},
  volume={13},
  number={3},
  pages={219--237},
  year={2005},
  publisher={Hindawi Publishing Corporation}
}

@inproceedings{lofar_calibration,
  title={Calibration of radio-astronomical data on the cloud. LOFAR, the pathway to SKA.},
  author={Sabater, J and S{\'a}nchez-Exp{\'o}sito, S and Garrido, J and Ruiz, JE and Best, PN and Verdes-Montenegro, L},
  booktitle={Highlights of Spanish Astrophysics VIII},
  volume={1},
  pages={840--843},
  year={2015}
}

@ARTICLE{sksp,
   author = {{R{\"o}ttgering}, H. and {Afonso}, J. and {Barthel}, P. and 
	{Batejat}, F. and {Best}, P. and {Bonafede}, A. and {Br{\"u}ggen}, M. and 
	{Brunetti}, G. and {Chy{\.z}y}, K. and {Conway}, J. and {Gasperin}, F.~D. and 
	{Ferrari}, C. and {Haverkorn}, M. and {Heald}, G. and {Hoeft}, M. and 
	{Jackson}, N. and {Jarvis}, M. and {Ker}, L. and {Lehnert}, M. and 
	{Macario}, G. and {McKean}, J. and {Miley}, G. and {Morganti}, R. and 
	{Oosterloo}, T. and {Orr{\`u}}, E. and {Pizzo}, R. and {Rafferty}, D. and 
	{Shulevski}, A. and {Tasse}, C. and {Bemmel}, I.~V. and {van der Tol}, B. and 
	{van Weeren}, R. and {Verheijen}, M. and {White}, G. and {Wise}, M.
	},
    title = "{LOFAR and APERTIF Surveys of the Radio Sky: Probing Shocks and Magnetic Fields in Galaxy Clusters}",
  journal = {Journal of Astrophysics and Astronomy},
archivePrefix = "arXiv",
   eprint = {1107.1606},
 keywords = {Galaxies, clusters, general, intracluster medium, radio continuum: galaxies, radio telescopes},
     year = 2011,
    month = dec,
   volume = 32,
    pages = {557-566},
      doi = {10.1007/s12036-011-9129-x},
   adsurl = {http://adsabs.harvard.edu/abs/2011JApA...32..557R},
  adsnote = {Provided by the SAO/NASA Astrophysics Data System}
}
@article{van2013lofar,
  title={LOFAR: The low-frequency array},
  author={Van Haarlem, MP and Wise, MW and Gunst, AW and Heald, George and McKean, JP and Hessels, JWT and De Bruyn, AG and Nijboer, Ronald and Swinbank, John and Fallows, Richard and others},
  journal={Astronomy \& Astrophysics},
  volume={556},
  pages={A2},
  year={2013},
  publisher={EDP Sciences}
}
@article{SKA1,
  title={The square kilometer array (SKA) radio telescope: Progress and technical directions},
  author={Dewdney, PEF and Lazio, TJW and Hall, PJ and Schilizzi, RT},
  journal={Radio Science Bulletin},
  volume={326},
  pages={4--19},
  year={2008}
}

@article{EOR,
  title={Foreground simulations for the LOFAR--epoch of reionization experiment},
  author={Jeli{\'c}, Vibor and Zaroubi, Saleem and Labropoulos, Panagiotis and Thomas, Rajat M and Bernardi, Gianni and Brentjens, Michiel A and De Bruyn, AG and Ciardi, Benedetta and Harker, Geraint and Koopmans, Leon VE and others},
  journal={Monthly Notices of the Royal Astronomical Society},
  volume={389},
  number={3},
  pages={1319--1335},
  year={2008},
  publisher={Oxford University Press}
}

@incollection{aperturesynth,
  title={Aperture synthesis},
  author={Brouw, WN},
  booktitle={Image Processing Techniques in Astronomy},
  pages={301--307},
  year={1975},
  publisher={Springer}
}

@inproceedings{cvmfsnova,
  title={Software Management for the NO$\nu$AExperiment},
  author={Davies, GS and Davies, JP and Rebel, Brian and Sachdev, Kanika and Zirnstein, Jan and C Group and others},
  booktitle={Journal of Physics: Conference Series},
  volume={664},
  number={6},
  pages={062011},
  year={2015},
  organization={IOP Publishing}
}

@inproceedings{LTA,
  title={LOFAR Long Term Archive},
  author={Renting, GA and Holties, HA},
  booktitle={Astronomical Data Analysis Software and Systems XX},
  volume={442},
  pages={49},
  year={2011}
}

@inproceedings{cvmfsatlas,
  title={ATLAS software packaging},
  author={Rybkin, Grigory},
  booktitle={Journal of Physics: Conference Series},
  volume={396},
  number={5},
  pages={052063},
  year={2012},
  organization={IOP Publishing}
}

@inproceedings{swift,
  title={Swift: Fast, reliable, loosely coupled parallel computation},
  author={Zhao, Yong and Hategan, Mihael and Clifford, Ben and Foster, Ian and Von Laszewski, Gregor and Nefedova, Veronika and Raicu, Ioan and Stef-Praun, Tiberiu and Wilde, Michael},
  booktitle={Services, 2007 IEEE Congress on},
  pages={199--206},
  year={2007},
  organization={IEEE}
}
@misc{neurogrid,
  title={Grid-Based Computing and the Future of Neuroscience Computation, Methods in Mind},
  author={Van Horn, JD and Dobson, J and Woodward, J and Wilde, M and Zhao, Y and Voeckler, J and Foster, I},
  year={2005},
  publisher={Cambridge: MIT Press}
}
@article{sante2010development,
  title={Development of (graphical) web applications for the processing and interpretation of arrayCGH data},
  author={SANTE, Tom},
  year={2010}
}

@article{ecoinfo,
  title={Ecoinformatics: supporting ecology as a data-intensive science},
  author={Michener, William K and Jones, Matthew B},
  journal={Trends in ecology \& evolution},
  volume={27},
  number={2},
  pages={85--93},
  year={2012},
  publisher={Elsevier}
}

@inproceedings{clemencic2014new,
  title={A New Nightly Build System for LHCb},
  author={Clemencic, Marco and Couturier, B},
  booktitle={Journal of Physics: Conference Series},
  volume={513},
  number={5},
  pages={052007},
  year={2014},
  organization={IOP Publishing}
}
@article{li2017reliability,
  title={Reliability of long heterogeneous slopes in 3d: Model performance and conditional simulation},
  author={Li, Y},
  year={2017}
}

@misc{lofar_stack,
  title = {Lofar Software Stack},
  year = {2017},
  howpublished = "\url{http://www.lofar.org/wiki/doku.php?id=public:software_stack_installation}",
}

@misc{picas,
  title = {PiCaS Overview - Grid Documentation v1.0},
  year = {2017},
  howpublished = "\url{http://doc.grid.surfsara.nl/en/latest/Pages/Practices/picas/picas_overview.html}",
}

@misc{picas_git,
  author = {Jan Bot},
  title = {PiCaS: Python client using CouchDB as a token pool server},
  year = {2017},
  publisher = {GitHub},
  journal = {GitHub repository},
  howpublished = "\url{https://github.com/jjbot/picasclient}",
  commit = {fb40208938899e9487e507d952f9b38b6d4cf262}
}

@article{couchdb,
  title={Apache couchdb: The definitive guide},
  author={ANDERSON, Chirs},
  journal={http://couchdb. Apache. org/index. htm Acessado em},
  volume={5},
  number={06},
  pages={2009},
  year={2009}
}
@article{oonkspect,
  title={Carbon and hydrogen radio recombination lines from the cold clouds towards Cassiopeia A},
  author={Oonk, JBR and van Weeren, RJ and Salas, P and Salgado, F and Morabito, LK and Toribio, MC and Tielens, AGGM and R{\"o}ttgering, HJA},
  journal={Monthly Notices of the Royal Astronomical Society},
  volume={465},
  number={1},
  pages={1066--1088},
  year={2017},
  publisher={Oxford University Press}
}
@article{simcity,
  title={SIM-CITY: An e-Science framework for Urban Assisted Decision Support},
  author={Borgdorff, Joris and Krishna, Harsha and Lees, Michael H},
  journal={Procedia Computer Science},
  volume={51},
  pages={2327--2336},
  year={2015},
  publisher={Elsevier}
}

@misc{jdl,
  title = {First Grid Job- Grid Documentation v1.0},
  year = {2017},
  howpublished = "\url{http://docs.surfsaralabs.nl/projects/grid/en/latest/Pages/Basics/first_grid_job.html#jdl}",
}

@article{bigdata_ska,
  title={Big data: astronomical or genomical?},
  author={Stephens, Zachary D and Lee, Skylar Y and Faghri, Faraz and Campbell, Roy H and Zhai, Chengxiang and Efron, Miles J and Iyer, Ravishankar and Schatz, Michael C and Sinha, Saurabh and Robinson, Gene E},
  journal={PLoS Biol},
  volume={13},
  number={7},
  pages={e1002195},
  year={2015},
  publisher={Public Library of Science}
}

@article{lofar_calib,
  title={LOFAR calibration and wide-field imaging},
  author={Tasse, Cyril and van Diepen, Ger and van der Tol, Sebastiaan and van Weeren, Reinout J and van Zwieten, Joris E and Batejat, Fabien and Bhatnagar, Sanjay and van Bemmel, Ilse and B{\^\i}rzan, Laura and Bonafede, Annalisa and others},
  journal={Comptes Rendus Physique},
  volume={13},
  number={1},
  pages={28--32},
  year={2012},
  publisher={Elsevier}
}

@inproceedings{ska_cloud_memo,
  title={Power Monitoring and Control for Large Scale projects: SKA, a case study},
  author={Barbosa, Domingos and Barraca, Jo{\~a}o Paulo and Maia, Dalmiro and Carvalho, Bruno and Vieira, Jorge and Swart, Paul and Le Roux, Gerhard and Natarajan, Swaminathan and van Ardenne, Arnold and Seca, Luis},
  booktitle={SPIE Astronomical Telescopes+ Instrumentation},
  pages={99100L--99100L},
  year={2016},
  organization={International Society for Optics and Photonics}
}


@article{lofarcookbook,
  title={The Lofar Imaging Cookbook v2.0},
  author={Pizzo, RF and others},
  journal={internal ASTRON report},
  year={2010}
}


@article{lotss,
  title={The LOFAR Two-metre Sky Survey. I. Survey description and preliminary data relase},
  author={Shimwell, TW and R{\"o}ttgering, HJA and Best, PN and Williams, WL and Dijkema, TJ and de Gasperin, F and Hardcastle, MJ},
  journal={Astronomy \& Astrophysics},
  year={2016},
  publisher={EDP Sciences}
}

@article{cernsrm ,
title = {Storage Resource Managers: Recent International Experience on Requirements
and Multiple Co-Operating Implementations },
author ={Lana Abadie, Paolo Badino et al.},
note = {\emph{Available at} \url{https://sdm.lbl.gov/~arie/papers/MSS.SRM.paper.pdf
}}
}


@misc{cookbook ,
title = {LOFAR Imaging Cookbook},
howpublished = {Available at \url{http://www.astron.nl/sites/astron.nl/files/cms/lofar_imaging_cookbook_v19.pdf
}}
}

@misc{maasen_xenon,
  author       = {Jason Maassen and
                  Stefan Verhoeven and
                  Joris Borgdorff and
                  Niels Drost and
                  cwmeijer and
                  Jurriaan H. Spaaks and
                  Rob V. van Nieuwpoort and
                  Piter T. de Boer and
                  Ben van Werkhoven},
  title        = {Xenon: Xenon 1.1.0},
  month        = dec,
  year         = 2015,
  doi          = {10.5281/zenodo.35415},
  url          = {https://doi.org/10.5281/zenodo.35415}
}


@misc{gina_specs,
title = {Gina specifications - GRID Documentation v1.0},
  year = {2017},
howpublished = {Available at \url{http://docs.surfsaralabs.nl/projects/grid/en/latest/Pages/Service/system_specifications/gina_specs.html}}
}



@misc{softdrive ,
title = {Softdrive on the GRID},
howpublished = {Available at \url{http://docs.surfsaralabs.nl/projects/grid/en/latest/Pages/Advanced/grid_software.html\#softdrive}
}}



@inproceedings{cvmfs2008,
  title={CVMFS-a file system for the CernVM virtual appliance},
  author={Aguado Sanchez, C and Bloomer, J and Buncic, P and Franco, L and Klemer, S and Mato, P},
  booktitle={Proceedings of XII Advanced Computing and Analysis Techniques in Physics Research},
  volume={1},
  pages={52},
  year={2008}
}

@article{parameteric_model,
title = "Scalability model for the LOFAR direction independent pipeline",
journal = "Astronomy and Computing",
volume = "28",
pages = "100293",
year = "2019",
issn = "2213-1337",
doi = "https://doi.org/10.1016/j.ascom.2019.100293",
url = "http://www.sciencedirect.com/science/article/pii/S2213133719300290",
author = "A.P. Mechev and T.W. Shimwell and A. Plaat and H. Intema and A.L. Varbanescu and H.J.A Rottgering",
keywords = "Radio Astronomy, Performance Analysis, Performance Modelling, High Performance Computing, Scalability",
abstract = "LOFAR is a leading aperture synthesis telescope operated in the Netherlands with stations across Europe. The LOFAR Two-meter Sky Survey (LoTSS) will produce more than 3000 14 TB data sets, mapping the entire northern sky at low frequencies. The data produced by this survey is important for understanding the formation and evolution of galaxies, supermassive black holes and other astronomical phenomena. All of the LoTSS data needs to be processed by the LOFAR Direction Independent (DI) pipeline, prefactor. Understanding the performance of this pipeline is important when trying to optimize the throughput for large projects, such as LoTSS and other deep surveys. Making a model of its completion time will enable us to predict the time taken to process large data sets, optimize our parameter choices, help schedule other LOFAR processing services, and predict processing time for future large radio telescopes. We tested the prefactor pipeline by scaling several parameters, notably number of CPUs, data size and size of calibration sky model. We present these results as a comprehensive model which will be used to predict processing time for a wide range of processing parameters. We also discover that smaller calibration models lead to significantly faster calibration times, while the calibration results do not significantly degrade in quality. Finally, we validate the model and compare predictions with production runs from the past six months, quantifying the performance penalties incurred by processing on a shared cluster. We conclude by noting the utility of the results and model for the LoTSS Survey, LOFAR as a whole and for other telescopes."
}
