@article{top_10_algos,
author = {Dongarra,Jack  and Sullivan,Francis },
title = {Guest Editorsâ€™ Introduction: The Top 10 Algorithms},
journal = {Computing in Science \& Engineering},
volume = {2},
number = {1},
pages = {22-23},
year = {2000},
doi = {10.1109/MCISE.2000.814652},
URL = { 
        https://aip.scitation.org/doi/abs/10.1109/MCISE.2000.814652
},
eprint = { 
        https://aip.scitation.org/doi/pdf/10.1109/MCISE.2000.814652   
}}

@book{tel_2000,
place={Cambridge},
edition={2},
title={Introduction to Distributed Algorithms},
DOI={10.1017/CBO9781139168724},
publisher={Cambridge University Press},
author={Tel, Gerard},
year={2000}}
