@article{GPU_accel,
  title={Accelerating radio astronomy cross-correlation with graphics processing units},
  author={Clark, Michael A and Plante, Pc La and Greenhill, Lincoln J},
  journal={The International Journal of High Performance Computing Applications},
  volume={27},
  number={2},
  pages={178--192},
  year={2013},
  publisher={Sage Publications Sage UK: London, England}
}

@article{bdsf,
  title={PyBDSF: Python Blob Detection and Source Finder},
  author={Mohan, Niruj and Rafferty, David},
  journal={Astrophysics Source Code Library},
  year={2015}
}

@article{workflow2,
  title={Programming scientific and distributed workflow with Triana services},
  author={Churches, David and Gombas, Gabor and Harrison, Andrew and Maassen, Jason and Robinson, Craig and Shields, Matthew and Taylor, Ian and Wang, Ian},
  journal={Concurrency and Computation: Practice and Experience},
  volume={18},
  number={10},
  pages={1021--1037},
  year={2006},
  publisher={Wiley Online Library}
}

@article{oonk_prep,
title={Radio astronomy on a distributed shared computing platform: The {LOFAR} case},
author={Oonk, J.B.R. and  Mechev, A.P. and Danezi, A and Schrijvers, C and Shimwell, T.W. },
year={2018},
publisher={In preparation}
}


@article{workflow3,
  title={A survey of data-intensive scientific workflow management},
  author={Liu, Ji and Pacitti, Esther and Valduriez, Patrick and Mattoso, Marta},
  journal={Journal of Grid Computing},
  volume={13},
  number={4},
  pages={457--493},
  year={2015},
  publisher={Springer}
}

@article{cwl,
  title={Common Workflow Language, v1. 0},
  author={Amstutz, Peter and Crusoe, Michael R and Tijani{\'c}, Neboj{\v{s}}a and Chapman, Brad and Chilton, John and Heuer, Michael and Kartashov, Andrey and Leehr, Dan and M{\'e}nager, Herv{\'e} and Nedeljkovich, Maya and others},
  year={2016}
}

@article{ska,
  title={The square kilometre array},
  author={Dewdney, Peter E and Hall, Peter J and Schilizzi, Richard T and Lazio, T Joseph LW},
  journal={Proceedings of the IEEE},
  volume={97},
  number={8},
  pages={1482--1496},
  year={2009},
  publisher={IEEE}
}

@inproceedings{workflow1,
  title={Kepler: an extensible system for design and execution of scientific workflows},
  author={Altintas, Ilkay and Berkley, Chad and Jaeger, Efrat and Jones, Matthew and Ludascher, Bertram and Mock, Steve},
  booktitle={Scientific and Statistical Database Management, 2004. Proceedings. 16th International Conference on},
  pages={423--424},
  year={2004},
  organization={IEEE}
}

@ARTICLE{pedro,
   author = {{Salas}, P. and {Oonk}, J.~B.~R. and {van Weeren}, R.~J. and 
	{Salgado}, F. and {Morabito}, L.~K. and {Toribio}, M.~C. and 
	{Emig}, K. and {R{\"o}ttgering}, H.~J.~A. and {Tielens}, A.~G.~G.~M.
	},
    title = "{{LOFAR} observations of decameter carbon radio recombination lines towards Cassiopeia A}",
  journal = {Monthly Notices of the Royal Astronomical Society},
archivePrefix = "arXiv",
   eprint = {1701.08802},
 keywords = {ISM: clouds, radio lines : ISM, ISM: individual objects: Cassiopeia A, radio lines: ISM},
     year = 2017,
    month = may,
   volume = 467,
    pages = {2274-2287},
      doi = {10.1093/mnras/stx239},
   adsurl = {http://adsabs.harvard.edu/abs/2017MNRAS.467.2274S},
  adsnote = {Provided by the SAO/NASA Astrophysics Data System}
}
@misc{SurfSara,
 title={Grid at {S}{U}{R}{F}sara},
 author={SURF},
 howpublished={\url{https://www.surf.nl/en/services-and-products/grid/index.html
}},  
 year={2018}
}


@inproceedings{sabater_datasize,
  title={Calibration of radio-astronomical data on the cloud. {LOFAR}, the pathway to {SKA}.},
  author={Sabater, J and S{\'a}nchez-Exp{\'o}sito, S and Garrido, J and Ruiz, JE and Best, PN and Verdes-Montenegro, L},
  booktitle={Highlights of Spanish Astrophysics VIII},
  pages={840--843},
  year={2015}
}


@article{nextflow,
  title={Nextflow enables reproducible computational workflows},
  author={Di Tommaso, Paolo and Chatzou, Maria and Floden, Evan W and Barja, Pablo Prieto and Palumbo, Emilio and Notredame, Cedric},
  journal={Nature biotechnology},
  volume={35},
  number={4},
  pages={316--319},
  year={2017},
  publisher={Nature Research}
}

@ARTICLE{reflex,
   author = {{Freudling}, W. and {Romaniello}, M. and {Bramich}, D.~M. and
{Ballester}, P. and {Forchi}, V. and {Garc{\'{\i}}a-Dabl{\'o}}, C.~E. and
{Moehler}, S. and {Neeser}, M.~J.},
    title = "{Automated data reduction workflows for astronomy. The ESO Reflex environment}",
  journal = {Astronomy \& Astrophysics},
archivePrefix = "arXiv",
   eprint = {1311.5411},
 primaryClass = "astro-ph.IM",
 keywords = {methods: data analysis, astronomical databases: miscellaneous, techniques: miscellaneous, virtual observatory tools},
     year = 2013,
    month = nov,
   volume = 559,
      eid = {A96},
    pages = {A96},
      doi = {10.1051/0004-6361/201322494},
   adsurl = {http://adsabs.harvard.edu/abs/2013A%26A...559A..96F},
  adsnote = {Provided by the SAO/NASA Astrophysics Data System}
} 


@article{toil,
  title={Toil enables reproducible, open source, big biomedical data analyses},
  author={Vivian, John and Rao, Arjun Arkal and Nothaft, Frank Austin and Ketchum, Christopher and Armstrong, Joel and Novak, Adam and Pfeil, Jacob and Narkizian, Jake and Deran, Alden D and Musselman-Brown, Audrey and others},
  journal={Nature biotechnology},
  volume={35},
  number={4},
  pages={314},
  year={2017},
  publisher={Nature Publishing Group}
}

@article{cwlairflow,
  title={CWL-Airflow: a lightweight pipeline manager supporting Common Workflow Language},
  author={Kotliar, Michael and Kartashov, Andrey and Barski, Artem},
  journal={bioRxiv},
  pages={249243},
  year={2018},
  publisher={Cold Spring Harbor Laboratory}
}


@ARTICLE{aoflag,
   author = {{Offringa}, A.~R. and {van de Gronde}, J.~J. and {Roerdink}, J.~B.~T.~M.
	},
    title = "{A morphological algorithm for improving radio-frequency interference detection}",
  journal = {Astronomy \& astrophysics},
archivePrefix = "arXiv",
   eprint = {1201.3364},
 primaryClass = "astro-ph.IM",
 keywords = {instrumentation: interferometers, methods: data analysis, techniques: interferometric},
     year = 2012,
    month = mar,
   volume = 539,
      eid = {A95},
    pages = {A95},
      doi = {10.1051/0004-6361/201118497},
   adsurl = {http://adsabs.harvard.edu/abs/2012A%26A...539A..95O},
  adsnote = {Provided by the SAO/NASA Astrophysics Data System}
}



@ARTICLE{wsclean,
   author = {{Offringa}, A.~R. and {McKinley}, B. and {Hurley-Walker}, N. and 
	{Briggs}, F.~H. and {Wayth}, R.~B. and {Kaplan}, D.~L. and {Bell}, M.~E. and 
	{Feng}, L. and {Neben}, A.~R. and {Hughes}, J.~D. and {Rhee}, J. and 
	{Murphy}, T. and {Bhat}, N.~D.~R. and {Bernardi}, G. and {Bowman}, J.~D. and 
	{Cappallo}, R.~J. and {Corey}, B.~E. and {Deshpande}, A.~A. and 
	{Emrich}, D. and {Ewall-Wice}, A. and {Gaensler}, B.~M. and 
	{Goeke}, R. and {Greenhill}, L.~J. and {Hazelton}, B.~J. and 
	{Hindson}, L. and {Johnston-Hollitt}, M. and {Jacobs}, D.~C. and 
	{Kasper}, J.~C. and {Kratzenberg}, E. and {Lenc}, E. and {Lonsdale}, C.~J. and 
	{Lynch}, M.~J. and {McWhirter}, S.~R. and {Mitchell}, D.~A. and 
	{Morales}, M.~F. and {Morgan}, E. and {Kudryavtseva}, N. and 
	{Oberoi}, D. and {Ord}, S.~M. and {Pindor}, B. and {Procopio}, P. and 
	{Prabu}, T. and {Riding}, J. and {Roshi}, D.~A. and {Shankar}, N.~U. and 
	{Srivani}, K.~S. and {Subrahmanyan}, R. and {Tingay}, S.~J. and 
	{Waterson}, M. and {Webster}, R.~L. and {Whitney}, A.~R. and 
	{Williams}, A. and {Williams}, C.~L.},
    title = "{WSCLEAN: an implementation of a fast, generic wide-field imager for radio astronomy}",
  journal = {Monthly Notices of the Royal Astronomical Society},
archivePrefix = "arXiv",
   eprint = {1407.1943},
 primaryClass = "astro-ph.IM",
 keywords = {instrumentation: interferometers, methods: observational, techniques: interferometric, radio continuum: general},
     year = 2014,
    month = oct,
   volume = 444,
    pages = {606-619},
      doi = {10.1093/mnras/stu1368},
   adsurl = {http://adsabs.harvard.edu/abs/2014MNRAS.444..606O},
  adsnote = {Provided by the SAO/NASA Astrophysics Data System}
}

@inproceedings{dutchinfra,
  title={The Dutch National e-Infrastructure},
  author={Templon, Jeff and Bot, Jan},
  booktitle={International Symposium on Grids and Clouds (ISGC)},
  volume={13},
  number={18},
  year={2016}
}

@misc{SurfSara,
 title={Grid at {S}{U}{R}{F}sara},
 author={SURF},
 howpublished={\url{https://www.surf.nl/en/services-and-products/grid/index.html
}},  
 year={2018}
}

@article{MSclean,
  title={Multiscale CLEAN deconvolution of radio synthesis images},
  author={Cornwell, Tim J},
  journal={IEEE Journal of Selected Topics in Signal Processing},
  volume={2},
  number={5},
  pages={793--801},
  year={2008},
  publisher={IEEE}
}

@techreport{glite,
  title={Middleware for the next generation Grid infrastructure},
  author={Laure, Erwin and Edlund, A and Pacini, F and Buncic, P and Beco, S and Prelz, F and Di Meglio, A and Mulmo, O and Barroso, M and Kunszt, Peter Z and others},
  year={2004},
  institution={CERN}
}


@article{grid,
  title={The worldwide LHC computing grid (worldwide LCG)},
  author={Shiers, Jamie},
  journal={Computer physics communications},
  volume={177},
  number={1-2},
  pages={219--223},
  year={2007},
  publisher={Elsevier}
}



@article{lofar_calib,
  title={LOFAR calibration and wide-field imaging},
  author={Tasse, Cyril and van Diepen, Ger and van der Tol, Sebastiaan and van Weeren, Reinout J and van Zwieten, Joris E and Batejat, Fabien and Bhatnagar, Sanjay and van Bemmel, Ilse and B{\^\i}rzan, Laura and Bonafede, Annalisa and others},
  journal={Comptes Rendus Physique},
  volume={13},
  number={1},
  pages={28--32},
  year={2012},
  publisher={Elsevier}
}



@inproceedings{dcache,
  title={dCache, storage system for the future},
  author={Fuhrmann, Patrick and G{\"u}lzow, Volker},
  booktitle={European Conference on Parallel Processing},
  pages={1106--1113},
  year={2006},
  organization={Springer}
}


@article{eor2,
author = {Paciga, Gregory and Chang, Tzu-Ching and Gupta, Yashwant and Nityanada, Rajaram and Odegova, Julia and Pen, Ue-Li and Peterson, Jeffrey B. and Roy, Jayanta and Sigurdson, Kris},
title = {The GMRT Epoch of Reionization experiment: a new upper limit on the neutral hydrogen power spectrum at z~ 8.6},
journal = {Monthly Notices of the Royal Astronomical Society},
volume = {413},
number = {2},
pages = {1174-1183},
year = {2011},
doi = {10.1111/j.1365-2966.2011.18208.x},
URL = {http://dx.doi.org/10.1111/j.1365-2966.2011.18208.x},
eprint = {/oup/backfile/content_public/journal/mnras/413/2/10.1111_j.1365-2966.2011.18208.x/1/mnras0413-1174.pdf}
}

@inproceedings{casa,
  title={CASA architecture and applications},
  author={McMullin, JP and Waters, B and Schiebel, D and Young, W and Golap, K},
  booktitle={Astronomical data analysis software and systems XVI},
  volume={376},
  pages={127},
  year={2007}
}


@article{LOFAR,
  title={{L}{O}{F}{A}{R}: The low-frequency array},
  author={Van Haarlem, MP and Wise, MW and Gunst, AW and Heald, George and McKean, JP and Hessels, JWT and De Bruyn, AG and Nijboer, Ronald and Swinbank, John and Fallows, Richard and others},
  journal={Astronomy \& astrophysics},
  volume={556},
  pages={A2},
  year={2013},
  publisher={EDP Sciences}
}

@article{torvalds2010git,
  title={Git: Fast version control system},
  author={Torvalds, Linus and Hamano, Junio},
  journal={URL http://git-scm. com},
  year={2010}
}



@article{eor,
  title={Initial deep LOFAR observations of epoch of reionization windows-I. The north celestial pole},
  author={Yatawatta, S and De Bruyn, AG and Brentjens, Michiel A and Labropoulos, Panos and Pandey, VN and Kazemi, S and Zaroubi, Saleem and Koopmans, LVE and Offringa, AR and Jeli{\'c}, Vibor and others},
  journal={Astronomy \& astrophysics},
  volume={550},
  pages={A136},
  year={2013},
  publisher={EDP Sciences}
}

@article{tassekalman,
  title={Nonlinear Kalman filters for calibration in radio interferometry},
  author={Tasse, Cyril},
  journal={Astronomy \& Astrophysics},
  volume={566},
  pages={A127},
  year={2014},
  publisher={EDP Sciences}
}


@article{dfs,
  title={Depth-first discovery algorithm for incremental topological sorting of directed acyclic graphs},
  author={Zhou, Jianjun and M{\"u}ller, Martin},
  journal={Information Processing Letters},
  volume={88},
  number={4},
  pages={195--200},
  year={2003},
  publisher={Elsevier}
}

@incollection{dag,
  title={Directed acyclic graph},
  author={Wang, Lin},
  booktitle={Encyclopedia of Systems Biology},
  pages={574--574},
  year={2013},
  publisher={Springer}
}


@article{lotss,
  title={The {L}{O}{F}{A}{R} {T}wo-metre {S}ky {S}urvey-{I}. {S}urvey description and preliminary data release},
  author={Shimwell, TW and R{\"o}ttgering, HJA and Best, Philip N and Williams, WL and Dijkema, TJ and De Gasperin, F and Hardcastle, MJ and Heald, GH and Hoang, DN and Horneffer, A and others},
  journal={Astronomy \& Astrophysics},
  volume={598},
  pages={A104},
  year={2017},
  publisher={EDP Sciences}
}

@article{Wendy_bootes,
  title={L{O}{F}{A}{R} 150-{M}{H}z observations of the {B}o{\"o}tes field: catalogue and source counts},
  author={Williams, WL and Van Weeren, RJ and R{\"o}ttgering, HJA and Best, P and Dijkema, TJ and de Gasperin, F and Hardcastle, MJ and Heald, George and Prandoni, I and Sabater, Jose and others},
  journal={Monthly Notices of the Royal Astronomical Society},
  volume={460},
  number={3},
  pages={2385--2412},
  year={2016},
  publisher={Oxford University Press}
}

@article{Kahn,
 author = {Kahn, A. B.},
 title = {Topological Sorting of Large Networks},
 journal = {Commun. ACM},
 issue_date = {Nov. 1962},
 volume = {5},
 number = {11},
 month = nov,
 year = {1962},
 issn = {0001-0782},
 pages = {558--562},
 numpages = {5},
 url = {http://doi.acm.org/10.1145/368996.369025},
 doi = {10.1145/368996.369025},
 acmid = {369025},
 publisher = {ACM},
 address = {New York, NY, USA},
} 

@misc{cookbook ,
title = {LOFAR Imaging Cookbook},
author={Dijkma Tammo Jan. },
howpublished = {Available at \url{http://www.astron.nl/sites/astron.nl/files/cms/lofar_imaging_cookbook_v19.pdf
}}
}

@article{smirnov_tasse_KillMS,
  title={Radio interferometric gain calibration as a complex optimization problem},
  author={Smirnov, OM and Tasse, Cyril},
  journal={Monthly Notices of the Royal Astronomical Society},
  volume={449},
  number={3},
  pages={2668--2684},
  year={2015},
  publisher={Oxford University Press}
}

@article{dagalgos,
  title={A dynamic topological sort algorithm for directed acyclic graphs},
  author={Pearce, David J and Kelly, Paul HJ},
  journal={Journal of Experimental Algorithmics (JEA)},
  volume={11},
  pages={1--7},
  year={2007},
  publisher={ACM}
}
@article{analysis_gaincal,
  title={Fast gain calibration in radio astronomy using alternating direction implicit methods: Analysis and applications},
  author={Salvini, Stefano and Wijnholds, Stefan J},
  journal={Astronomy \& Astrophysics},
  volume={571},
  pages={A97},
  year={2014},
  publisher={EDP Sciences}
}

@inproceedings{LOFAR_transients,
  title={The LOFAR transients pipeline},
  author={Swinbank, J},
  booktitle={Astronomical Data Analysis Software and Systems XX},
  volume={442},
  pages={313},
  year={2011}
}

@Misc{airflow,
  Author = "Apache Foundation",
  Title  = "\emph{Apache {A}irflow {D}ocumentation }",
  Note   = "\url{https://airflow.apache.org}
           [Accessed: 2018-04]",
  year = 2018,
}
@INPROCEEDINGS{mechev,
   author = {{Mechev}, A. and {Oonk}, J.~B.~R. and {Danezi}, A. and {Shimwell}, T.~W. and
{Schrijvers}, C. and {Intema}, H. and {Plaat}, A. and {Rottgering}, H.~J.~A.
},
    title = "{An Automated Scalable Framework for Distributing Radio Astronomy Processing Across Clusters and Clouds}",
booktitle = {Proceedings of the International Symposium on Grids and Clouds (ISGC) 2017, held 5-10 March, 2017 at Academia Sinica, Taipei, Taiwan (ISGC2017). Online at \url{https://pos.sissa.it/cgi-bin/reader/conf.cgi?confid=293}, id.2},
     year = 2017,
archivePrefix = "arXiv",
   eprint = {1712.00312},
 primaryClass = "astro-ph.IM",
    month = mar,
      eid = {2},
    pages = {2},
   adsurl = {http://adsabs.harvard.edu/abs/2017isgc.confE...2M},
  adsnote = {Provided by the SAO/NASA Astrophysics Data System}
}
